<?xml version="1.0" encoding="UTF-8"?><collection xmlns="http://www.loc.gov/MARC21/slim"><record><leader>00481nam--2200169-i-4500</leader><controlfield tag="001">000005711</controlfield><controlfield tag="002">20161230</controlfield><controlfield tag="005">20170127214241</controlfield><controlfield tag="008">060222s1000------------r-----000-0-eng-d</controlfield><datafield ind1=" " ind2=" " tag="080"><subfield code="a">537:541.64:539.124.6</subfield></datafield><datafield ind1=" " ind2=" " tag="100"><subfield code="a">Bisi, A</subfield></datafield><datafield ind1=" " ind2=" " tag="245"><subfield code="a">Influence of a static electric field on posi tronium formation in polymers</subfield></datafield><datafield ind1=" " ind2=" " tag="260"><subfield code="a">Milano</subfield><subfield code="b">Institute Di Fisica Del Politecnico Di Milano</subfield><subfield code="c">1961</subfield></datafield><datafield ind1=" " ind2=" " tag="300"><subfield code="a">2 p</subfield></datafield><datafield ind1=" " ind2=" " tag="700"><subfield code="a">Zappa, L</subfield></datafield><datafield ind1=" " ind2=" " tag="852"><subfield code="a">7953</subfield></datafield><datafield ind1=" " ind2=" " tag="CAT"><subfield code="a">SYS</subfield><subfield code="c">20170127</subfield><subfield code="h">214241</subfield></datafield></record></collection>